% -*- coding: utf-8 -*-

@Book{AMin.sieben.T,
author = {Niebisch, Thomas},
ALTeditor = {•},
title = {Anforderungsmanagement in sieben Tagen},
publisher = {Springer-Verlag},
year = {2013},
OPTkey = {•},
OPTvolume = {•},
OPTnumber = {•},
OPTseries = {•},
OPTaddress = {•},
OPTedition = {•},
OPTmonth = {•},
OPTnote = {•},
OPTannote = {•}
}

@Book{100minAM,
title = {100 Minuten für Anforderungsmanagement : Kompaktes Wissen nicht nur für Projektleiter und Entwickler},
ALTseries = {SpringerLink : Bücher},
author = {Grande, Marcus},
ALTaddress = {Wiesbaden},
publisher = {Springer Vieweg},
year = {2014},
edition = {2., aktualisierte Aufl. 2014},
ALTisbn = {978-365-80643-5-8},
size = {Online-Ressource (XI, 146 S. 24 Abb, online resource)},
keywords = {Requirements engineering ; Computer science / Software engineering / Computer Science},
ALTbestand = {Bibliotheksservice-Zentrum <576>;
Universitätsbibliothek Tübingen <21>;
Universitätsbibliothek Freiburg <25>;
Saarländische Universitäts- und Landesbibliothek <291>;
Sächsische Landesbibliothek - Staats- und Universitätsbibliothek <14>;
Universität Konstanz, Kommunikations-, Informations-, Medienzentrum (KIM), <352E>;
Universität Mannheim, Universitätsbibliothek <180>;
Universitätsbibliothek Leipzig <15>;
Karlsruher Institut für Technologie (KIT) - KIT-Bibliothek <90>;
Universitätsbibliothek Stuttgart <93>;
Universitätsbibliothek Chemnitz <Ch 1>;
TU Bergakademie Freiberg, Universitätsbibliothek <105>;
Hochschulbibliothek Reutlingen <Rt 2> [Signatur: eBook];
Pädagogische Hochschule Weingarten, Hochschulbibliothek <747> [Signatur: eBook Springer];
Hochschule Mittweida, Hochschulbibliothek <Mit 1>;
Westsächsische Hochschule Zwickau <Zwi 2> [Signatur: Springer E-Book];
Hochschule Zittau/Görlitz - Hochschulbibliothek <Zi 4>;
Hochschulbibliothek Heilbronn <840> [Signatur: Springer E-Book];
Hochschule für Technik, Wirtschaft und Kultur Leipzig <L 189>;
Hochschulbibliothek Konstanz - <Kon 4> [Signatur: eBook Springer];
Hochschule für Technik und Wirtschaft <520> [Signatur: eBook Springer];
Hochschulbibliothek Pforzheim, <951> [Signatur: eBook];
Hochschule Mannheim, Hochschulbibliothek <953> [Signatur: eBook Springer];
Hochschule der Medien Stuttgart <958> [Signatur: eBook Springer];
Hochschule Furtwangen, Hochschule für Technik und Wirtschaft <Fn 1> [Signatur: eBook Springer];
Duale Hochschule Baden-Württemberg Stuttgart <Stg 259> [Signatur: eBook Springer];
Hochschule Aalen <944> [Signatur: E-Book Springer];
Hochschule für Technik Stuttgart <1033> [Signatur: Springer eBook];
Hochschule Esslingen <753> [Signatur: E-Book Springer];
Duale Hochschule Baden-Württemberg Mannheim <Mh 35> [Signatur: eBook Springer];
Hochschule Ulm, Hochschule für Technik <943> [Signatur: eBook Springer];
Duale Hochschule Baden-Württemberg Villingen-Schwenningen <Vil 2> [Signatur: E-Book Springer];
Hochschule Offenburg <Ofb 1> [Signatur: E-Book Springer];
Berufsakademie Sachsen, Staatliche Studienakademie Dresden <D 161>;
Berufsakademie Sachsen, Staatliche Studienakademie Leipzig <L 229>;
Berufsakademie Sachsen, Staatliche Studienakademie <Brt 1>;
Berufsakademie Sachsen, Staatliche Studienakademie Glauchau <Gla 1>;
Berufsakademie Sachsen, Staatliche Studienakademie Bautzen <Bn 3>;
Berufsakademie Sachsen, Staatliche Studienakademie Riesa <Rs 1>;
Duale Hochschule Baden-Württemberg Ravensburg <Rav 1> [Signatur: E-Book Springer];
Hochschule für Forstwirtschaft <955>;
Hochschule Nürtingen-Geislingen <950> [Signatur: eBook Springer];
Duale Hochschule Baden-Württemberg Lörrach, <Lör 2> [Signatur: eBook Springer];
Duale Hochschule Baden-Württemberg Mosbach <941> [Signatur: e-Book Springer];
Duale Hochschule Baden-Württemberg Heidenheim <Hed 2> [Signatur: e-Book Springer];
Hochschule Schwäbisch Gmünd, Hochschule für Gestaltung <984> [Signatur: eBook Springer];
Duale Hochschule Baden-Württemberg Stuttgart, <Stg 258> [Signatur: eBook Springer];
Berufsakademie Sachsen, Staatliche Studienakademie Plauen <Pl 11>;
Ev. Hochschule für Soziale Arbeit Dresden, Bibliothek <D 275>;
Hochschulbibliothek ZHAW, Winterthur <CH-ZHAW>;
Zentrum für Wissensmanagement, Bibliothek Hamm <1871> [Signatur: eBook Springer];
},
ALTURL = {http://swbplus.bsz-bw.de/bsz414023331cov.htmhttp://dx.doi.org/10.1007/978-3-658-06435-8},
}


@book{AM,
title = {Anforderungsmanagement : formale Prozesse, Praxiserfahrungen, Einführungsstrategien und Toolauswahl; [mit Praxisbeiträgen von BearingPoint (KPMG), HOOD Group und Telelogic; mit 11 Tab.]},
series = {Xpert.press},
editor = {Versteegen, Gerhard [Hrsg.] and Heßeler, Alexander},
address = {Berlin},
publisher = {Springer},
year = {2004},
ALTisbn = {3-540-00963-9},
ALTsize = {XV, 284 S. : Ill., graph. Darst.},
ALTkeywords = { ; Requirements engineering},
ALTbestand = {Universitätsbibliothek Freiburg <25> [Signatur: NA 2003/373];
Hochschule für Technik und Wirtschaft des Saarlandes <Sa 16> [Signatur: SR 870 Anf];
Württembergische Landesbibliothek <24> [Signatur: 53/20709];
Universitätsbibliothek Leipzig <15>;
Karlsruher Institut für Technologie (KIT) - KIT-Bibliothek <90> [Signatur: 2003 A 8242];
Universitätsbibliothek Stuttgart <93> [Signatur: 5H 3553];
Badische Landesbibliothek <31> [Signatur: 103 A 12327];
Universitätsbibliothek Chemnitz <Ch 1>;
Kommunikations-, Informations- und Medienzentrum der Universität Hohenheim <100>;
Hochschule Mittweida, Hochschulbibliothek <Mit 1>;
Westsächsische Hochschule Zwickau <Zwi 2> [Signatur: 62 016];
Hochschulbibliothek Heilbronn <840> [Signatur: 621.843 ANF];
Hochschule für Technik und Wirtschaft <520> [Signatur: SR 870-06 0073];
Hochschulbibliothek Pforzheim, <951> [Signatur: inf 3.71 2007 1953];
Hochschule Mannheim, Hochschulbibliothek <953> [Signatur: E IV 15436];
Hochschule Albstadt-Sigmaringen, Bibliothek Albstadt <991a> [Signatur: InWi 112];
Hochschule Aalen <944> [Signatur: 433 Anf];
Duale Hochschule Baden-Württemberg Mannheim <Mh 35> [Signatur: INF D 3400.45];
Berufsakademie Sachsen, Staatliche Studienakademie Dresden <D 161>;
Berufsakademie Sachsen, Staatliche Studienakademie Dresden <D 161>;
Duale Hochschule Baden-Württemberg Lörrach, <Lör 2> [Signatur: SR 870];
},
ALTURL = {http://swbplus.bsz-bw.de/bsz104174110cov.htm ; http://www.ulb.tu-darmstadt.de/tocs/11457698X.pdf ; http://swbplus.bsz-bw.de/bsz104174110abs.htm},
}

@techreport{KPAvMdAM,
title = {Key-Performance-Analyse von Methoden des Anforderungsmanagements},
series = {KIT scientific reports ; 7620},
author = {Zehnter, Christina and Burger, Alexander and Ovtcharova, Jivka},
address = {Karlsruhe},
publisher = {KIT Scientific Publishing},
year = {2012},
ALTisbn = {978-3-86644-865-0},
ALTsize = {Online-Ressource},
keywords = {Online-Publikation},
ALTbestand = {Karlsruher Institut für Technologie (KIT) - KIT-Bibliothek <90>;
lizenzfrei <LFER>;
},
URL = {http://digbib.ubka.uni-karlsruhe.de/volltexte/1000028693},
}

@book{REuM,
title = {Requirements-Engineering und -Management : aus der Praxis von klassisch bis agil},
editor = {Rupp, Chris},
institution = {SOPHIST-Gesellschaft für Innovatives Software-Engineering (Nürnberg)},
address = {München},
publisher = {Hanser},
year = {2014},
edition = {6., aktualisierte und erw. Aufl.},
isbn = {978-3-446-43893-4},
size = {XIV, 556 S. : Ill., graph. Darst.},
keywords = {Requirements engineering},
ALTbestand = {Universitätsbibliothek Freiburg <25> [Signatur: NA 2016/149];
Hochschule für Technik und Wirtschaft des Saarlandes <Sa 16> [Signatur: ST 237 Rup 6. Aufl.];
Sächsische Landesbibliothek - Staats- und Universitätsbibliothek <14>;
Württembergische Landesbibliothek <24> [Signatur: 64/21431];
Karlsruher Institut für Technologie (KIT) - KIT-Bibliothek <90> [Signatur: 2002 A 2010(6)];
Universitätsbibliothek Stuttgart <93>;
Universität Stuttgart, Betriebswirtschaftliches Institut - <93/104> [Signatur: T 13/102(6)];
Universitätsbibliothek Chemnitz <Ch 1>;
Hochschulbibliothek Reutlingen <Rt 2> [Signatur: I 4-400-63/6];
Pädagogische Hochschule Weingarten, Hochschulbibliothek <747> [Signatur: ST 237 R946 R4(6)];
Hochschule für Technik, Wirtschaft und Kultur Leipzig <L 189>;
Hochschulbibliothek Konstanz - <Kon 4> [Signatur: ipe/88];
Hochschule für Technik und Wirtschaft <520> [Signatur: ST 237-15 1245];
Hochschulbibliothek Pforzheim, <951> [Signatur: inf 3.71 2005 59(6)];
Hochschule Mannheim, Hochschulbibliothek <953> [Signatur: E IV 11162];
Hochschule der Medien Stuttgart <958> [Signatur: Wcn 1];
Hochschule Furtwangen, Hochschule für Technik und Wirtschaft <Fn 1>;
Hochschule Aalen <944> [Signatur: 433 Req];
Duale Hochschule Baden-Württemberg Mannheim <Mh 35> [Signatur: INF D 3000.61 (6)];
Hochschule Offenburg <Ofb 1> [Signatur: ST 230 009 2014];
Duale Hochschule Baden-Württemberg Mosbach <941> [Signatur: SR 870 9(6)];
Duale Hochschule Baden-Württemberg Heidenheim <Hed 2> [Signatur: Z 100/ Rupp];
Duale Hochschule Baden-Württemberg Ravensburg, <Rav 1/a> [Signatur: IW 1];
Zentrum für Wissensmanagement, Bibliothek Lippstadt <1926> [Signatur: ST 237];
},
ALTURL = {http://deposit.d-nb.de/cgi-bin/dokserv?id=4762630&prov=M&dok_var=1&dok_ext=htm},
}


	
 
@book{OPSmCVS,
title = {Open Source-Projekte mit CVS : [verteilte Softwareentwicklung mit dem Concurrent Versions System; Grundprinzipien und Anwendung verteilter Softwareentwicklung; CVS-Server installieren und verwalten; jetzt mit umfassender Befehlsreferenz und praktischer Schnellreferenz]},
author = {Fogel, Karl and Bar, Moshe},
address = {Bonn},
publisher = {MITP-Verl.},
year = {2002},
edition = {2., erw. u. überarb. Aufl.},
isbn = {3-8266-0816-X},
size = {428 S.},
keywords = {Open Source / Softwareentwicklung / CVS <Programm> ; CVS <Programm> / Befehlsvorrat / Verzeichnis},
ALTbestand = {Sächsische Landesbibliothek - Staats- und Universitätsbibliothek <14>;
Württembergische Landesbibliothek <24> [Signatur: 52/9279];
Universität Mannheim, Universitätsbibliothek <180> [Signatur: LST Inf.V/2002/021379];
Universitätsbibliothek Leipzig <15>;
Universität Heidelberg <16/7> [Signatur: Fogel];
KIT, Campus Süd, Inst. f. Informationswirtschaft und <90/209>;
Universitätsbibliothek Stuttgart <93> [Signatur: 5H 2054(2)];
Institut für Automatisierungs- und Softwaretechnik <93/34> [Signatur: 467];
Hochschulbibliothek Heilbronn <840> [Signatur: 621.843 FOG];
Hochschulbibliothek Pforzheim, <951>;
Hochschule Furtwangen, Hochschule für Technik und Wirtschaft <Fn 1>;
Duale Hochschule Baden-Württemberg Mannheim <Mh 35>;
Duale Hochschule Baden-Württemberg Ravensburg, <Rav 1/a> [Signatur: ICkk 24];
},
}

@book{VkmSVN,
title = {Versionskontrolle mit Subversion : Software-Projekte intelligent koordinieren},
author = {Collins-Sussman, Ben and Fitzpatrick, Brian W. and Pilato, C. Michael},
address = {Beijing},
publisher = {OReilly},
year = {2006},
edition = {2. Aufl.},
isbn = {3-89721-460-1; 978-3-89721-460-6},
size = {XX, 334 S. : graph. Darst.},
keywords = {Subversion <Programm>},
ALTbestand = {Universität Konstanz, Kommunikations-, Informations-, Medienzentrum (KIM) <352>;
Universitätsbibliothek Heidelberg <16> [Signatur: LN-U10-13843];
Karlsruher Institut für Technologie (KIT) - KIT-Bibliothek <90> [Signatur: 2004 A 30982(2)];
KIT, Campus Süd, Institut für Biomedizinische Technik <90/132>;
Badische Landesbibliothek <31> [Signatur: 107 A 1843];
Universitätsbibliothek Chemnitz <Ch 1>;
TU Bergakademie Freiberg, Universitätsbibliothek <105> [Signatur: 07.2403 8.];
Hochschulbibliothek Reutlingen <Rt 2> [Signatur: I 4-300-248a/2];
},
ALTURL = {http://swbplus.bsz-bw.de/bsz253186129vlg.htm ; http://swbplus.bsz-bw.de/bsz253186129cov.htm ; http://www.gbv.de/dms/ilmenau/toc/508397030colli.PDF},
}


@book{Git,
title = {Git : verteilte Versionsverwaltung für Code und Dokumente},
author = {Haenel, Valentin and Plenz, Julius},
address = {München},
publisher = {open source PRESS},
year = {2006},
edition = {2. Aufl.},
isbn = {978-3-95539-119-5},
size = {III, 336 S. : graph. Darst.},
keywords = {Git <Programm>},
}

@misc{PGit,
title = {Pro Git},
series = {SpringerLink : Bücher},
author = {Chacon, Scott},
editor = {Straub, Ben},
address = {Berkeley, CA},
publisher = {Apress},
year = {2014},
edition = {Second Edition},
isbn = {978-148-420-076-6},
size = {Online-Ressource (XXI, 456 p. 208 illus, online resource)},
keywords = { ; Computer science / Computer Science ; Git <Software>},
ALTbestand = {Bibliotheksservice-Zentrum <576>;
Universität Mannheim, Universitätsbibliothek <180>;
Karlsruher Institut für Technologie (KIT) - KIT-Bibliothek <90>;
Hochschulbibliothek Heilbronn <840> [Signatur: Springer E-Book];
Hochschulbibliothek Konstanz - <Kon 4> [Signatur: eBook Springer];
Hochschule für Technik und Wirtschaft <520> [Signatur: eBook Springer];
Hochschule Mannheim, Hochschulbibliothek <953> [Signatur: eBook Springer];
Hochschule Furtwangen, Hochschule für Technik und Wirtschaft <Fn 1> [Signatur: eBook Springer];
Duale Hochschule Baden-Württemberg Stuttgart <Stg 259> [Signatur: eBook Springer];
Duale Hochschule Baden-Württemberg Mannheim <Mh 35> [Signatur: E-Book Springer];
Hochschule Offenburg <Ofb 1> [Signatur: E-Book Springer];
Duale Hochschule Baden-Württemberg Ravensburg <Rav 1> [Signatur: E-Book Springer];
Duale Hochschule Baden-Württemberg Lörrach, <Lör 2> [Signatur: eBook Springer];
Duale Hochschule Baden-Württemberg Stuttgart, <Stg 258> [Signatur: eBook Springer];
},
ALTURL = {http://swbplus.bsz-bw.de/bsz420321861cov.htmhttp://dx.doi.org/10.1007/978-1-4842-0076-6},
}
	
	
	
	
	
	
	
	
googlebook
Google Buchsuche
	
	
		
		
	